<record><leader>00000cas a2200000 a 4500</leader><controlfield tag="001">27708460</controlfield><controlfield tag="008">930310d19081928caudn ne      0    0eng c</controlfield><datafield ind1=" " ind2=" " tag="010"><subfield code="a">sn 93051948 </subfield></datafield><datafield ind1=" " ind2=" " tag="040"><subfield code="a">CUY</subfield><subfield code="b">eng</subfield><subfield code="c">CNK</subfield><subfield code="d">OCLCQ</subfield><subfield code="d">CNK</subfield><subfield code="d">OCLCQ</subfield><subfield code="d">OCLCF</subfield><subfield code="d">OCLCO</subfield></datafield><datafield ind1="1" ind2=" " tag="029"><subfield code="a">AU@</subfield><subfield code="b">000020752326</subfield></datafield><datafield ind1=" " ind2=" " tag="042"><subfield code="a">pcc</subfield></datafield><datafield ind1=" " ind2=" " tag="043"><subfield code="a">n-us-ca</subfield></datafield><datafield ind1="0" ind2="0" tag="245"><subfield code="a">Visalia morning delta.</subfield></datafield><datafield ind1=" " ind2=" " tag="260"><subfield code="a">Visalia, Calif. :</subfield><subfield code="b">Visalia Pub. House</subfield></datafield><datafield ind1=" " ind2=" " tag="300"><subfield code="a">v.</subfield></datafield><datafield ind1=" " ind2=" " tag="310"><subfield code="a">Daily (except Mon.)</subfield></datafield><datafield ind1="0" ind2=" " tag="362"><subfield code="a">Aug. 1, 1908-v. 68, no. 7 (Feb. 29, 1928).</subfield></datafield><datafield ind1=" " ind2=" " tag="500"><subfield code="a">Place of publication missing from masthead, &lt;June 29&gt;-Sept. 29, 1927.</subfield></datafield><datafield ind1=" " ind2=" " tag="530"><subfield code="a">Master negatives are available for duplication from:</subfield><subfield code="b">California Newspaper Microfilm Archive;</subfield><subfield code="c">positive copies may be purchased by the reel; for further information consult the CNMA at:</subfield><subfield code="u">http://cbsr.ucr.edu</subfield></datafield><datafield ind1=" " ind2="0" tag="651"><subfield code="a">Visalia (Calif.)</subfield><subfield code="v">Newspapers.</subfield></datafield><datafield ind1=" " ind2="7" tag="655"><subfield code="a">Newspapers.</subfield><subfield code="2">fast</subfield><subfield code="0">(OCoLC)fst01423814</subfield></datafield><datafield ind1=" " ind2="7" tag="651"><subfield code="a">California</subfield><subfield code="z">Visalia.</subfield><subfield code="2">fast</subfield><subfield code="0">(OCoLC)fst01213976</subfield></datafield><datafield ind1=" " ind2=" " tag="752"><subfield code="a">United States</subfield><subfield code="b">California</subfield><subfield code="c">Tulare</subfield><subfield code="d">Visalia.</subfield></datafield><datafield ind1="0" ind2=" " tag="775"><subfield code="t">Weekly Visalia delta</subfield><subfield code="w">(DLC)sn 86063249</subfield></datafield><datafield ind1="0" ind2=" " tag="775"><subfield code="t">Visalia morning delta (Visalia, Calif. : Weekly)</subfield><subfield code="w">(DLC)sn 95061878</subfield></datafield><datafield ind1="0" ind2="0" tag="780"><subfield code="t">Daily Visalia delta</subfield><subfield code="w">(DLC)sn 95061762</subfield></datafield><datafield ind1="0" ind2="7" tag="785"><subfield code="t">Visalia daily times</subfield><subfield code="w">(DLC)sn 93051947</subfield></datafield><datafield ind1="0" ind2="7" tag="785"><subfield code="t">Visalia times-delta</subfield><subfield code="w">(DLC)sn 82014048</subfield></datafield></record>